<record><leader>00000cas a2200000 a 4500</leader><controlfield tag="001">823939872</controlfield><controlfield tag="008">130111c20129999ksudr ne      0   a0eng c</controlfield><datafield ind1=" " ind2=" " tag="010"><subfield code="a">  2013219700</subfield></datafield><datafield ind1=" " ind2=" " tag="040"><subfield code="a">KSH</subfield><subfield code="b">eng</subfield><subfield code="c">KSH</subfield><subfield code="d">DLC</subfield><subfield code="d">OCLCF</subfield></datafield><datafield ind1=" " ind2=" " tag="042"><subfield code="a">pcc</subfield></datafield><datafield ind1=" " ind2=" " tag="043"><subfield code="a">n-us-ks</subfield></datafield><datafield ind1="0" ind2=" " tag="130"><subfield code="a">Mercury (Manhattan, Kan. : 2012)</subfield></datafield><datafield ind1="1" ind2="4" tag="245"><subfield code="a">The mercury.</subfield></datafield><datafield ind1="1" ind2="7" tag="246"><subfield code="a">Manhattan mercury</subfield></datafield><datafield ind1=" " ind2=" " tag="260"><subfield code="a">Manhattan, Kan. :</subfield><subfield code="b">Seaton Pub. Co.,</subfield><subfield code="c">2012-</subfield></datafield><datafield ind1=" " ind2=" " tag="300"><subfield code="a">v. :</subfield><subfield code="b">ill. ;</subfield><subfield code="c">58 cm.</subfield></datafield><datafield ind1=" " ind2=" " tag="310"><subfield code="a">Daily (except Saturdays, Christmas, New Year's Day, and Labor Day )</subfield></datafield><datafield ind1="0" ind2=" " tag="362"><subfield code="a">103rd year, no. 72 (May 1, 2012)-</subfield></datafield><datafield ind1=" " ind2="0" tag="651"><subfield code="a">Manhattan (Kan.)</subfield><subfield code="v">Newspapers.</subfield></datafield><datafield ind1=" " ind2="7" tag="655"><subfield code="a">Newspapers.</subfield><subfield code="2">fast</subfield><subfield code="0">(OCoLC)fst01423814</subfield></datafield><datafield ind1=" " ind2="7" tag="651"><subfield code="a">Kansas</subfield><subfield code="z">Manhattan.</subfield><subfield code="2">fast</subfield><subfield code="0">(OCoLC)fst01205193</subfield></datafield><datafield ind1=" " ind2=" " tag="752"><subfield code="a">United States</subfield><subfield code="b">Kansas</subfield><subfield code="c">Riley</subfield><subfield code="d">Manhattan.</subfield></datafield><datafield ind1="0" ind2="0" tag="780"><subfield code="t">Manhattan mercury (Manhattan, Kan. : 1954)</subfield><subfield code="w">(DLC)sn 85031900</subfield><subfield code="w">(OCoLC)12431284</subfield></datafield><datafield ind1="4" ind2="1" tag="856"><subfield code="z">View current e-edition</subfield><subfield code="u">http://themercury.com/</subfield></datafield></record>